
% ARTICLES

@article{Brody1996,
author = {Brody, J and Yager, P and Goldstein, R and Austin, R},
doi = {10.1016/S0006-3495(96)79538-3},
file = {:D$\backslash$:/MendeleyPapers/Brody et al./1996/Biotechnology at low Reynolds numbers - 1996.pdf:pdf},
issn = {00063495},
journal = {Biophysical Journal},
month = dec,
number = {6},
pages = {3430--3441},
publisher = {Elsevier},
title = {{Biotechnology at low Reynolds numbers}},
url = {http://linkinghub.elsevier.com/retrieve/pii/S0006349596795383},
volume = {71},
year = {1996}
} 

@article{qumer2006measuring,
  title={Measuring agility and adaptibility of agile methods: A 4 dimensional analytical tool},
  author={Qumer, Asif and Henderson-Sellers, Brian},
  year={2006},
  publisher={IADIS Press}
}

% INPROCEEDINGS

@INPROCEEDINGS{1231450,
author = {Boehm, B. and Turner, R.},
booktitle={Agile Development Conference, 2003. ADC 2003. Proceedings of the},
title={Observations on balancing discipline and agility},
year={2003},
month={June},
pages={32-39},
keywords={customer satisfaction;project management;software cost estimation;software development management;software metrics;software process improvement;software quality;software reusability;agile software development methodology;customer satisfaction;plan-driven software development approach;project defect rate;project development time;project failure;Application software;Books;Conference management;Customer satisfaction;Documentation;Marketing and sales;Silver;Software engineering;Stability;Text processing},
doi={10.1109/ADC.2003.1231450},}

@INPROCEEDINGS{1317503,
Author={Boehm, B. and Turner, R.},
booktitle={Software Engineering, 2004. ICSE 2004. Proceedings. 26th International Conference on},
title={Balancing agility and discipline: evaluating and integrating agile and plan-driven methods},
year={2004},
month={May},
pages={718-719},
keywords={ISO standards;software engineering;software process improvement;software standards;CMMI;ISO-15288;UK-DefStan-00-55;agile development;software criticality;Business;Customer satisfaction;Disaster management;Engineering management;History;Innovation management;Permission;Software engineering;Stability;Variable speed drives},
doi={10.1109/ICSE.2004.1317503},
ISSN={0270-5257},}

@INPROCEEDINGS{6427226,
author={Escobar-Sarmiento, V. and Linares-Vasquez, M.},
booktitle={Informatica (CLEI), 2012 XXXVIII Conferencia Latinoamericana En},
title={A model for measuring agility in small and medium software development enterprises},
year={2012},
month={Oct},
pages={1-10},
keywords={project management;small-to-medium enterprises;software development management;software prototyping;agile methodologies;agile workspace coverage;agility measurement model;medium software development enterprises;project management;small software development enterprises;software development companies;software development industry;software development process;technological deficiencies;transition process;workteam;worldwide software acceptance;Companies;Documentation;Personnel;Planning;Software;Agility;Assessment;SMEs;Software development;methodologies},
doi={10.1109/CLEI.2012.6427226},}

@INPROCEEDINGS {2604,
	title = {A Framework for Assessing the Adequacy and Effectiveness of Software Development Methodologies},
	booktitle = {Proceedings of the Fifteenth Annual Software Engineering Workshop},
	year = {1990},
	month = {December 1990},
	address = {Greenbelt, MD},
	author = {Arthur, J.D. and Nance, R.E.}
}

% Incollection

@incollection{taylor,
year={2006},
isbn={978-3-540-34682-1},
booktitle={Product-Focused Software Process Improvement},
volume={4034},
series={Lecture Notes in Computer Science},
editor={Münch, Jürgen and Vierimaa, Matias},
doi={10.1007/11767718_25},
title={Applying an Agility/Discipline Assessment for a Small Software Organisation},
url={http://dx.doi.org/10.1007/11767718_25},
publisher={Springer Berlin Heidelberg},
author={Taylor, PhilipS. and Greer, Des and Sage, Paul and Coleman, Gerry and McDaid, Kevin and Lawthers, Ian and Corr, Ronan},
pages={290-304}
}


% BOOKS

@book{Boehm:2003:BAD:861419,
 author = {Boehm and Turner, Richard},
 title = {Balancing Agility and Discipline: A Guide for the Perplexed},
 year = {2003},
 isbn = {0321186125},
 publisher = {Addison-Wesley Longman Publishing Co., Inc.},
 address = {Boston, MA, USA},
} 

@book{Beck:2004:EPE:1076267,
 author = {Beck, Kent and Andres, Cynthia},
 title = {Extreme Programming Explained: Embrace Change (2Nd Edition)},
 year = {2004},
 isbn = {0321278658},
 publisher = {Addison-Wesley Professional},
}

@book{koch2005agile,
  title={Agile Software Development: Evaluating The Methods For Your Organization},
  author={Koch, A.S.},
  isbn={9781580538428},
  lccn={2004057408},
  series={Artech House computing library},
  url={http://books.google.se/books?id=vJ99QgAACAAJ},
  year={2005},
  publisher={Artech House, Incorporated}
}

@book{cockburn2002agile,
  title={Agile software development},
  author={Cockburn, A.},
  isbn={9780201699692},
  lccn={2002280320},
  series={Agile software development series},
  url={http://books.google.se/books?id=JxYQ1Zb61zkC},
  year={2002},
  publisher={Addison-Wesley}
}

@book{Highsmith:2000:ASD:323922,
 author = {Highsmith,III, James A.},
 title = {Adaptive Software Development: A Collaborative Approach to Managing Complex Systems},
 year = {2000},
 isbn = {0-932633-40-4},
 publisher = {Dorset House Publishing Co., Inc.},
 address = {New York, NY, USA},
}

@book{Palmer:2001:PGF:600044,
 author = {Palmer, Steve R. and Felsing, Mac},
 title = {A  Practical Guide to Feature-Driven Development},
 year = {2001},
 isbn = {0130676152},
 edition = {1st},
 publisher = {Pearson Education},
} 

@book{Cockburn:2004:CCH:1406822,
 author = {Cockburn, Alistair},
 title = {Crystal Clear a Human-powered Methodology for Small Teams},
 year = {2004},
 isbn = {0201699478},
 edition = {First},
 publisher = {Addison-Wesley Professional},
} 

@book{Poppendieck:2003:LSD:829556,
 author = {Poppendieck, Mary and Poppendieck, Tom},
 title = {Lean Software Development: An Agile Toolkit},
 year = {2003},
 isbn = {0321150783},
 publisher = {Addison-Wesley Longman Publishing Co., Inc.},
 address = {Boston, MA, USA},
} 

@book{Leffingwell:2007:SSA:1201958,
 author = {Leffingwell, Dean},
 title = {Scaling Software Agility: Best Practices for Large Enterprises (The Agile Software Development Series)},
 year = {2007},
 isbn = {0321458192},
 publisher = {Addison-Wesley Professional},
} 

% MISC
@misc{beck2001agile,
  added-at = {2007-12-30T11:39:05.000+0100},
  author = {Beck, Kent and Beedle, Mike and van Bennekum, Arie and Cockburn, Alistair and Cunningham, Ward and Fowler, Martin and Grenning, James and Highsmith, Jim and Hunt, Andrew and Jeffries, Ron and Kern, Jon and Marick, Brian and Martin, Robert C. and Mellor, Steve and Schwaber, Ken and Sutherland, Jeff and Thomas, Dave},
  biburl = {http://www.bibsonomy.org/bibtex/28954248a545d88dd2c0e688d1c7e2f9d/juve},
  booktitle = {Manifesto for Agile Software Development},
  description = {Manifesto for Agile Software Development},
  interhash = {098cc7e185f10c3da390459a01e0d535},
  intrahash = {8954248a545d88dd2c0e688d1c7e2f9d},
  keywords = {imported},
  timestamp = {2007-12-30T11:39:05.000+0100},
  title = {Manifesto for Agile Software Development},
  url = {http://www.agilemanifesto.org/},
  year = 2001
}

% PHD THESIS
@PHDTHESIS{sventha_dissertation,
author = {Soundararajan, Shvetha},
school={Virginia Polytechnic Institute and State University},
title = {Assessing Agile Methods, Investigating Adequacy, Capability and Effectiveness},
year = {2013}
}
